@inproceedings{pedersen1997aroma,
  title={AROMA: abstract representation of presence supporting mutual awareness},
  author={Pedersen, Elin R{\o}nby and Sokoler, Tomas},
  booktitle={Proceedings of the ACM SIGCHI Conference on Human factors in computing systems},
  pages={51--58},
  year={1997},
  organization={ACM}
}

@inproceedings{ishii1998ambientroom,
  title={ambientROOM: integrating ambient media with architectural space},
  author={Ishii, Hiroshi and Wisneski, Craig and Brave, Scott and Dahley, Andrew and Gorbet, Matt and Ullmer, Brygg and Yarin, Paul},
  booktitle={CHI 98 conference summary on Human factors in computing systems},
  pages={173--174},
  year={1998},
  organization={ACM}
}

@inproceedings{dabbish2004controlling,
  title={Controlling interruptions: awareness displays and social motivation for coordination},
  author={Dabbish, Laura and Kraut, Robert E},
  booktitle={Proceedings of the 2004 ACM conference on Computer supported cooperative work},
  pages={182--191},
  year={2004},
  organization={ACM}
}

@article{cadiz1998awareness,
  title={The awareness monitor: A coordination tool for asynchronous, distributed work teams},
  author={Cadiz, Jonathan J and Fussell, Susan R and Kraut, Robert E and Lerch, F Javier and Scherlis, William L},
  journal={Unpublished manuscript},
  year={1998}
}

@inproceedings{ishii2001pinwheels,
  title={Pinwheels: visualizing information flow in an architectural space},
  author={Ishii, Hiroshi and Ren, Sandia and Frei, Phil},
  booktitle={CHI'01 Extended Abstracts on Human Factors in Computing Systems},
  pages={111--112},
  year={2001},
  organization={ACM}
}

@article{madianou2016ambient,
  title={Ambient co-presence: transnational family practices in polymedia environments},
  author={Madianou, Mirca},
  journal={Global Networks},
  volume={16},
  number={2},
  pages={183--201},
  year={2016},
  publisher={Wiley Online Library}
}

@article{philipose2004inferring,
  title={Inferring activities from interactions with objects},
  author={Philipose, Matthai and Fishkin, Kenneth P and Perkowitz, Mike and Patterson, Donald J and Fox, Dieter and Kautz, Henry and Hahnel, Dirk},
  journal={IEEE pervasive computing},
  volume={3},
  number={4},
  pages={50--57},
  year={2004},
  publisher={IEEE}
}

@inproceedings{wu2007scalable,
  title={A scalable approach to activity recognition based on object use},
  author={Wu, Jianxin and Osuntogun, Adebola and Choudhury, Tanzeem and Philipose, Matthai and Rehg, James M},
  booktitle={Computer Vision, 2007. ICCV 2007. IEEE 11th International Conference on},
  pages={1--8},
  year={2007},
  organization={IEEE}
}

@inproceedings{kim2017internet,
  title={Internet of family: increasing social presence of family members via sharing ambient IoT usage data},
  author={Kim, Naeun and Yoon, Boram and Jin, Sam and Seo, Hayang and Kwon, Ohkyun and Kim, Jinwoo},
  booktitle={Proceedings of the 11th International Conference on Ubiquitous Information Management and Communication},
  pages={49},
  year={2017},
  organization={ACM}
}

@inproceedings{clark2015haunted,
  title={The haunted house: Networking smart homes to enable casual long-distance social interactions},
  author={Clark, Meghan and Dutta, Prabal},
  booktitle={Proceedings of the 2015 International Workshop on Internet of Things towards Applications},
  pages={23--28},
  year={2015},
  organization={ACM}
}

@inproceedings{tunnermann2015upstairs,
  title={Upstairs: A calm auditory communication and presence system},
  author={T{\"u}nnermann, Ren{\'e} and Leichsenring, Christian and Bovermann, Till and Hermann, Thomas},
  year={2015},
  booktitle={Proceedings of the 21st International Conference on Auditory Display},
  pages={252--259},
  organization={IEM}
}

@inproceedings{kirk2010home,
  title={Home video communication: mediating'closeness'},
  author={Kirk, David S and Sellen, Abigail and Cao, Xiang},
  booktitle={Proceedings of the 2010 ACM conference on Computer supported cooperative work},
  pages={135--144},
  year={2010},
  organization={ACM}
}

@inproceedings{neustaedter2012intimacy,
  title={Intimacy in long-distance relationships over video chat},
  author={Neustaedter, Carman and Greenberg, Saul},
  booktitle={Proceedings of the SIGCHI Conference on Human Factors in Computing Systems},
  pages={753--762},
  year={2012},
  organization={ACM}
}

@inproceedings{judge2010sharing,
  title={Sharing conversation and sharing life: video conferencing in the home},
  author={Judge, Tejinder K and Neustaedter, Carman},
  booktitle={Proceedings of the SIGCHI Conference on Human Factors in Computing Systems},
  pages={655--658},
  year={2010},
  organization={ACM}
}

@inproceedings{yang2017communicating,
  title={Communicating Through A Telepresence Robot: A Study of Long Distance Relationships},
  author={Yang, Lillian and Neustaedter, Carman and Schiphorst, Thecla},
  booktitle={Proceedings of the 2017 CHI Conference Extended Abstracts on Human Factors in Computing Systems},
  pages={3027--3033},
  year={2017},
  organization={ACM}
}

@inproceedings{lee2011now,
  title={Now, I have a body: Uses and social norms for mobile remote presence in the workplace},
  author={Lee, Min Kyung and Takayama, Leila},
  booktitle={Proceedings of the SIGCHI Conference on Human Factors in Computing Systems},
  pages={33--42},
  year={2011},
  organization={ACM}
}

@inproceedings{patterson2005fine,
  title={Fine-grained activity recognition by aggregating abstract object usage},
  author={Patterson, Donald J and Fox, Dieter and Kautz, Henry and Philipose, Matthai},
  booktitle={Wearable Computers, 2005. Proceedings. Ninth IEEE International Symposium on},
  pages={44--51},
  year={2005},
  organization={IEEE}
}

@inproceedings{yarosh2009developing,
  title={Developing a media space for remote synchronous parent-child interaction},
  author={Yarosh, Svetlana and Cuzzort, Stephen and M{\"u}ller, Hendrik and Abowd, Gregory D},
  booktitle={Proceedings of the 8th International Conference on Interaction Design and Children},
  pages={97--105},
  year={2009},
  organization={ACM}
}

@inproceedings{kaye2005communicating,
  title={Communicating intimacy one bit at a time},
  author={Kaye, Joseph'Jofish' and Levitt, Mariah K and Nevins, Jeffrey and Golden, Jessica and Schmidt, Vanessa},
  booktitle={CHI'05 extended abstracts on Human factors in computing systems},
  pages={1529--1532},
  year={2005},
  organization={ACM}
}

@inproceedings{kim2015breathingframe,
  title={BreathingFrame: an inflatable frame for remote breath signal sharing},
  author={Kim, Jina and Park, Young-Woo and Nam, Tek-Jin},
  booktitle={Proceedings of the Ninth International Conference on Tangible, Embedded, and Embodied Interaction},
  pages={109--112},
  year={2015},
  organization={ACM}
}

@inproceedings{azmandian2016haptic,
  title={Haptic retargeting: Dynamic repurposing of passive haptics for enhanced virtual reality experiences},
  author={Azmandian, Mahdi and Hancock, Mark and Benko, Hrvoje and Ofek, Eyal and Wilson, Andrew D},
  booktitle={Proceedings of the 2016 chi conference on human factors in computing systems},
  pages={1968--1979},
  year={2016},
  organization={ACM}
}

@book{mcluhan1994understanding,
  title={Understanding media: The extensions of man},
  author={McLuhan, Marshall and MCLUHAN, MARSHALL AUTOR and Lapham, Lewis H},
  year={1994},
  publisher={MIT press}
}

@article{duncan2013people,
  title={Why do people live apart together?},
  author={Duncan, Simon and Carter, Julia and Phillips, Miranda and Roseneil, Sasha and Stoilova, Mariya},
  journal={Families, Relationships and Societies},
  volume={2},
  number={3},
  pages={323--338},
  year={2013},
  publisher={Policy Press}
}

@article{strohm2009living,
  title={“Living apart together” relationships in the United States},
  author={Strohm, Charles Q and Seltzer, Judith A and Cochran, Susan D and Mays, Vickie M},
  journal={Demographic research},
  volume={21},
  pages={177},
  year={2009},
  publisher={NIH Public Access}
}

@article{rock2016goose,
  title={1인가구 500만 시대...맞벌이 '기러기 부부' 증가세(종합)}, 
  url={http://www.yonhapnews.co.kr/bulletin/2016/06/29/0200000000AKR20160629074751002.HTML}, 
  journal={연합뉴스},
  publisher={박병기},
  author={민경락},
  year={2016},
  month={Jun}
}

@article{wise2012seoul,
    title={서울 부부 10쌍중 1쌍 '별거'..."직장·교육때문"}, 
    url={http://www.yonhapnews.co.kr/bulletin/2012/11/07/0200000000AKR20121107215100004.HTML},
    journal={연합뉴스},
    publisher={박병기},
    author={이슬기},
    year={2012},
    month={Nov}
}

@misc{double_robotics,
  title =        {Double Robotics},
  note =         {Accessed: November 30, 2017},
  howpublished = {\url{https://www.doublerobotics.com}}
}

@book{def_togetherness,
    place={New York},
    title={Cambridge academic content dictionary}, 
    publisher={Cambridge University Press},
    year={2017}
}

@inproceedings{kang2018homemeld,
  title={My being to your place, your being to my place: co-present robotic avatars create illusion of living together},
  author={Kang, Bumsoo and Hwang, Inseok and Lee, Jinho and Lee, Seungchul and Lee, Taegyeong and Chang, Youngjae and Lee, Min Kyung},
  booktitle={MobiSys'18: the 16th annual international conference on mobile systems, applications, and services},
  pages={},
  year={2018},
  organization={ACM}
}

@inproceedings{desai2011essential,
  title={Essential features of telepresence robots},
  author={Desai, Munjal and Tsui, Katherine M and Yanco, Holly A and Uhlik, Chris},
  booktitle={Technologies for Practical Robot Applications (TePRA), 2011 IEEE Conference on},
  pages={15--20},
  year={2011},
  organization={IEEE}
}

@inproceedings{paulos1998prop,
 author = {Paulos, Eric and Canny, John},
 title = {PRoP: Personal Roving Presence},
 booktitle = {Proceedings of the SIGCHI Conference on Human Factors in Computing Systems},
 series = {CHI '98},
 year = {1998},
 isbn = {0-201-30987-4},
 location = {Los Angeles, California, USA},
 pages = {296--303},
 numpages = {8},
 url = {http://dx.doi.org/10.1145/274644.274686},
 doi = {10.1145/274644.274686},
 acmid = {274686},
 publisher = {ACM Press/Addison-Wesley Publishing Co.},
 address = {New York, NY, USA},
 keywords = {computer-mediated human-human interaction, gesturing, robotics, tele-action, tele-conferencing, tele-embodiment, tele-presence, tele-robotics, tele-work, telecommunications},
}

@inproceedings{virtual_togetherness,
  title={Virtual togetherness: an everyday-life perspective.},
  author={Maria Bakardjieva},
  booktitle={Media, culture \& society 25(3)},
  pages={291-313},
  year={2003},
  organization={SAGE Publications}
}

@inproceedings{flexNfeel,
  title={Flex-N-Feel: The Design and Evaluation of Emotive Gloves for Couples to Support Touch Over Distance},
  author={Singhal, Samarth and Neustaedter, Carman and Ooi, Yee Loong and Antle, Alissa N and Matkin, Brendan},
  booktitle={Proceedings of the 2017 ACM Conference on Computer Supported Cooperative Work and Social Computing},
  pages={98--110},
  year={2017},
  organization={ACM}
}

@misc{floorplanner,
  title =        {Floorplanner},
  note =         {Accessed: April 22, 2018},
  howpublished = {\url{https://floorplanner.com}}
}

@misc{double_drive,
  title={Double Robotics Driver Interface},
  howpublished={\url{https://drive.doublerobotics.com/}},
  note={Accessed: June 30, 2018}
}

@inproceedings{biocca2001networked,
  title={The networked minds measure of social presence: Pilot test of the factor structure and concurrent validity},
  author={Biocca, Frank and Harms, Chad and Gregg, Jenn},
  booktitle={4th annual international workshop on presence, Philadelphia, PA},
  pages={1--9},
  year={2001}
}

@inproceedings{kaye2005communicating,
  title={Communicating intimacy one bit at a time},
  author={Kaye, Joseph'Jofish' and Levitt, Mariah K and Nevins, Jeffrey and Golden, Jessica and Schmidt, Vanessa},
  booktitle={CHI'05 extended abstracts on Human factors in computing systems},
  pages={1529--1532},
  year={2005},
  organization={ACM}
}

@article{mclaughlin1982awkward,
  title={Awkward silences: Behavioral antecedents and consequences of the conversational lapse},
  author={McLaughlin, Margaret L and Cody, Michael J},
  journal={Human communication research},
  volume={8},
  number={4},
  pages={299--316},
  year={1982},
  publisher={Wiley Online Library}
}

@article{flanagan1993spatially,
  title={Spatially selective sound capture for speech and audio processing},
  author={Flanagan, James L and Surendran, Arun C and Jan, Ea-Ee},
  journal={Speech Communication},
  volume={13},
  number={1-2},
  pages={207--222},
  year={1993},
  publisher={Elsevier}
}

@inproceedings{orts2016holoportation,
  title={Holoportation: Virtual 3d teleportation in real-time},
  author={Orts-Escolano, Sergio and Rhemann, Christoph and Fanello, Sean and Chang, Wayne and Kowdle, Adarsh and Degtyarev, Yury and Kim, David and Davidson, Philip L and Khamis, Sameh and Dou, Mingsong and others},
  booktitle={Proceedings of the 29th Annual Symposium on User Interface Software and Technology},
  pages={741--754},
  year={2016},
  organization={ACM}
}

@article{gibbs1999teleport,
  title={TELEPORT--Towards immersive copresence},
  author={Gibbs, Simon J and Arapis, Constantin and Breiteneder, Christian J},
  journal={Multimedia Systems},
  volume={7},
  number={3},
  pages={214--221},
  year={1999},
  publisher={Springer}
}